<collection xmlns="http://www.loc.gov/MARC21/slim">
<record>
  <leader>01217nam0a22002651i 450 </leader>
  <controlfield tag="001">IT\ICCU\CNCE\070044</controlfield>
  <controlfield tag="005">20181219000000.0</controlfield>
  <datafield tag="012" ind1=" " ind2=" ">
    <subfield code="a">++++ iato dare lemi (C) 1547 (R)</subfield>
    <subfield code="2">fei</subfield>
  </datafield>
  <datafield tag="100" ind1=" " ind2=" ">
    <subfield code="a">20070323d1547        0itac0103    ba</subfield>
  </datafield>
  <datafield tag="101" ind1=" " ind2=" ">
    <subfield code="a">ITA</subfield>
  </datafield>
  <datafield tag="102" ind1=" " ind2=" ">
    <subfield code="a">IT</subfield>
  </datafield>
  <datafield tag="200" ind1="1" ind2=" ">
    <subfield code="a">Venatoria, egloga pastorale</subfield>
  </datafield>
  <datafield tag="210" ind1=" " ind2=" ">
    <subfield code="e">Stampata in Siena</subfield>
    <subfield code="g">per Francescho di Simione</subfield>
    <subfield code="h">e compagni</subfield>
    <subfield code="g">adistantia di Gionanni \!! d&apos;Alisandro</subfield>
    <subfield code="h">1547 il di 30 di geunaro \!!</subfield>
  </datafield>
  <datafield tag="215" ind1=" " ind2=" ">
    <subfield code="a">\24! c.</subfield>
    <subfield code="d">8ʻ</subfield>
  </datafield>
  <datafield tag="620" ind1=" " ind2=" ">
    <subfield code="a">IT</subfield>
    <subfield code="d">Siena</subfield>
  </datafield>
  <datafield tag="712" ind1="0" ind2="0">
    <subfield code="a">Nardi, Francesco &amp; C.</subfield>
    <subfield code="3">IT\ICCU\CNCT\003360</subfield>
    <subfield code="4">650</subfield>
  </datafield>
  <datafield tag="712" ind1="0" ind2="0">
    <subfield code="a">Landi, Giovanni</subfield>
    <subfield code="3">IT\ICCU\CNCT\000325</subfield>
    <subfield code="4">650</subfield>
  </datafield>
  <datafield tag="791" ind1="0" ind2="2">
    <subfield code="a">Giovanni di Alexandro</subfield>
    <subfield code="3">IT\ICCU\CNCT\002718</subfield>
    <subfield code="z">Landi, Giovanni</subfield>
  </datafield>
  <datafield tag="791" ind1="0" ind2="2">
    <subfield code="a">G. di A. L.</subfield>
    <subfield code="3">IT\ICCU\CNCT\002892</subfield>
    <subfield code="z">Landi, Giovanni</subfield>
  </datafield>
  <datafield tag="791" ind1="0" ind2="2">
    <subfield code="a">Giovanni di A. L.</subfield>
    <subfield code="3">IT\ICCU\CNCT\002893</subfield>
    <subfield code="z">Landi, Giovanni</subfield>
  </datafield>
  <datafield tag="791" ind1="0" ind2="2">
    <subfield code="a">Ioannes Alexandri</subfield>
    <subfield code="3">IT\ICCU\CNCT\004896</subfield>
    <subfield code="z">Landi, Giovanni</subfield>
  </datafield>
  <datafield tag="801" ind1=" " ind2="3">
    <subfield code="a">IT</subfield>
    <subfield code="b">ICCU</subfield>
    <subfield code="c">20201115</subfield>
  </datafield>
  <datafield tag="899" ind1=" " ind2=" ">
    <subfield code="a">Biblioteca comunale degli Intronati. Siena</subfield>
    <subfield code="z">MUTILO</subfield>
    <subfield code="1">SI0046</subfield>
    <subfield code="2">RT1 QI</subfield>
  </datafield>
  <datafield tag="911" ind1=" " ind2=" ">
    <subfield code="a">A c. 8r.</subfield>
    <subfield code="9">IT\ICCU\CNCM\000929</subfield>
  </datafield>
  <datafield tag="921" ind1=" " ind2=" ">
    <subfield code="a">IT\ICCU\CNCM\000929</subfield>
    <subfield code="b">Lupa che allatta i gemelli. Albero sullo sfondo.</subfield>
    <subfield code="c">T27</subfield>
    <subfield code="c">Z1086</subfield>
    <subfield code="d">Dimensioni: 6,5 x 10,2</subfield>
    <subfield code="f">LUPA</subfield>
    <subfield code="f">GEMELLI</subfield>
    <subfield code="f">SIENA</subfield>
    <subfield code="g">1516-[non prima del 1572]</subfield>
  </datafield>
</record>
</collection>
